@article{perona1990scale,
  title={Scale-space and edge detection using anisotropic diffusion},
  author={Perona, Pietro and Malik, Jitendra},
  journal={Pattern Analysis and Machine Intelligence, IEEE Transactions on},
  volume={12},
  number={7},
  pages={629--639},
  year={1990},
  publisher={IEEE}
}

@inproceedings{witkin,
 title={Scale-space filtering: A new approach to multi-scale description},
 author={Witkin, Andrew P},
 booktitle={Acoustics, Speech, and Signal Processing, IEEE International Conference on ICASSP'84.},
 volume={9},
 pages={150--153},
 year={1984},
 organization={IEEE}
}

@article{rudin1992nonlinear,
 title={Nonlinear total variation based noise removal algorithms},
 author={Rudin, Leonid I and Osher, Stanley and Fatemi, Emad},
 journal={Physica D: Nonlinear Phenomena},
 volume={60},
 number={1},
 pages={259--268},
 year={1992},
 publisher={Elsevier}
}

@article{getreuer2012rudin,
  title="Rudin-{Osher}-{Fatemi} total variation denoising using split Bregman",
  author={Getreuer, Pascal},
  journal={Image Processing On Line},
  volume={10},
  year={2012}
}

@manual{psnr,
	author = "Mathworks",
	note   = "http://www.mathworks.com/help/vision/ref/psnr.html"
}

@manual{imfilter,
	author = "Mathworks",
	note   = "http://www.mathworks.com/help/images/ref/imfilter.html"
}